<record xmlns="http://www.loc.gov/MARC21/slim" xmlns:xsi="http://www.w3.org/2001/XMLSchema-instance" xsi:schemaLocation="http://www.loc.gov/MARC21/slim http://www.loc.gov/standards/marcxml/schema/MARC21slim.xsd"><leader>     nam a22        4500</leader><controlfield tag="001">3076041</controlfield><controlfield tag="003">NNC</controlfield><controlfield tag="006">m        d        </controlfield><controlfield tag="007">cr cn |||m|||a</controlfield><controlfield tag="008">150602s1938    ti      o     000 0 ara d</controlfield><datafield ind1=" " ind2=" " tag="040"><subfield code="a">NNU</subfield><subfield code="b">eng</subfield><subfield code="e">rda</subfield><subfield code="c">NNU</subfield></datafield><datafield ind1="0" ind2=" " tag="041"><subfield code="a">ara</subfield><subfield code="a">fre</subfield></datafield><datafield ind1=" " ind2=" " tag="043"><subfield code="a">f-ti---</subfield></datafield><datafield ind1=" " ind2="4" tag="050"><subfield code="a">PJ6765</subfield><subfield code="b">.C59 1938</subfield></datafield><datafield ind1="1" ind2=" " tag="100"><subfield code="a">Clermont, J.</subfield></datafield><datafield ind1="1" ind2="3" tag="245"><subfield code="a">Le dialecte tunisien :</subfield><subfield code="b">historiettes, moeurs, coutumes et dictons /</subfield><subfield code="c">par J. Clermont.</subfield></datafield><datafield ind1=" " ind2=" " tag="260"><subfield code="a">Tunis :</subfield><subfield code="b">Mme Veuve Louis Namura,</subfield><subfield code="c">1938.</subfield></datafield><datafield ind1=" " ind2=" " tag="300"><subfield code="a">online resource (232 pages)</subfield></datafield><datafield ind1=" " ind2=" " tag="336"><subfield code="a">text</subfield><subfield code="2">rdacontent</subfield></datafield><datafield ind1=" " ind2=" " tag="337"><subfield code="a">computer</subfield><subfield code="2">rdamedia</subfield></datafield><datafield ind1=" " ind2=" " tag="338"><subfield code="a">online resource</subfield><subfield code="2">rdacarrier</subfield></datafield><datafield ind1=" " ind2=" " tag="500"><subfield code="a">Text in Arabic and French.</subfield></datafield><datafield ind1=" " ind2=" " tag="500"><subfield code="a">Part of the Arabic Collections Online (ACO) project, contributed by Columbia University Libraries.</subfield></datafield><datafield ind1=" " ind2=" " tag="533"><subfield code="a">Electronic reproduction.</subfield><subfield code="b">New York, N.Y. :</subfield><subfield code="c">New York University,</subfield><subfield code="d">2015.</subfield><subfield code="5">NNU</subfield></datafield><datafield ind1=" " ind2="0" tag="650"><subfield code="a">Arabic language</subfield><subfield code="v">Readers.</subfield></datafield><datafield ind1=" " ind2="0" tag="650"><subfield code="a">Arabic language</subfield><subfield code="x">Dialects</subfield><subfield code="z">Tunisia</subfield><subfield code="z">Tunis.</subfield></datafield><datafield ind1=" " ind2="7" tag="650"><subfield code="a">Arabic language.</subfield><subfield code="2">fast</subfield><subfield code="0">(OCoLC)fst00812287</subfield></datafield><datafield ind1=" " ind2="7" tag="650"><subfield code="a">Arabic language</subfield><subfield code="x">Dialects.</subfield><subfield code="2">fast</subfield><subfield code="0">(OCoLC)fst00812310</subfield></datafield><datafield ind1=" " ind2="7" tag="651"><subfield code="a">Tunisia</subfield><subfield code="z">Tunis.</subfield><subfield code="2">fast</subfield><subfield code="0">(OCoLC)fst01205485</subfield></datafield><datafield ind1=" " ind2="7" tag="651"><subfield code="a">Tunesisch-Arabisch.</subfield><subfield code="2">swd</subfield></datafield><datafield ind1=" " ind2="7" tag="655"><subfield code="a">Readers.</subfield><subfield code="2">fast</subfield><subfield code="0">(OCoLC)fst01423896</subfield></datafield><datafield ind1="2" ind2=" " tag="710"><subfield code="a">Columbia University.</subfield><subfield code="b">Libraries.</subfield></datafield><datafield ind1="0" ind2=" " tag="730"><subfield code="a">Arabic Collections Online.</subfield></datafield><datafield ind1="0" ind2="8" tag="776"><subfield code="i">Online version:</subfield><subfield code="a">Clermont, J.</subfield><subfield code="t">Dialecte tunisien.</subfield><subfield code="d">Tunis : Mme Veuve Louis Namura, 1938</subfield><subfield code="w">(OCoLC)576750190</subfield></datafield><datafield ind1="0" ind2="8" tag="776"><subfield code="i">Print version:</subfield><subfield code="a">Clermont, J.</subfield><subfield code="t">Le dialecte tunisien</subfield><subfield code="w">(NNC)3076041</subfield><subfield code="w">(DLC) 55047113 </subfield><subfield code="w">(OCoLC)23417146</subfield></datafield><datafield ind1="4" ind2="0" tag="856"><subfield code="u">http://hdl.handle.net/2333.1/mcvdnfx3</subfield></datafield><datafield ind1=" " ind2=" " tag="959"><subfield code="a">NNU</subfield><subfield code="b">WEB</subfield><subfield code="c">GENI</subfield><subfield code="t">0</subfield><subfield code="m">Electronic access</subfield><subfield code="s">01</subfield></datafield><datafield ind1=" " ind2=" " tag="999"><subfield code="i">NNC_3076041</subfield><subfield code="o">(OCoLC)ocm23417146</subfield><subfield code="s">columbia_aco000465</subfield><subfield code="e">(ERROR-880)</subfield><subfield code="s">columbia_aco000465</subfield></datafield></record>